@article{dunne2005modeling,
  title={Modeling food-web dynamics: complexity-stability implications},
  author={Dunne, Jennifer A and Brose, Ulrich and Williams, Richard J and Martinez, Neo D},
  journal={Aquatic food webs: an ecosystem approach},
  pages={117},
  year={2005},
  publisher={Oxford University Press}
}

@article{desantana2013topological,
  title={Topological properties of polar food webs},
  author={de Santana, Charles N and Rozenfeld, Alejandro F and Marquet, Pablo A and Duarte, Carlos M},
  journal={Marine ecology. Progress series},
  volume={474},
  pages={15--26},
  year={2013},
  publisher={Inter-Research}
}

@article{jordan2012simulating,
  title={Simulating Food Web Dynamics along a Gradient: Quantifying Human Influence},
  author={Jord{\'a}n, Ferenc and Gjata, Nerta and Mei, Shu and Yule, Catherine M},
  journal={PloS one},
  volume={7},
  number={7},
  pages={e40280},
  year={2012},
  publisher={Public Library of Science}
}

@article{rozenfeld2004self,
  title={A self-organized system of smart preys and predators},
  author={Rozenfeld, Alejandro F and Albano, Ezequiel V},
  journal={Physics Letters A},
  volume={332},
  number={5},
  pages={361--367},
  year={2004},
  publisher={Elsevier}
}

@article{rybickihanski2013,
  title={Species-area relationships and extinctions caused by habitat loss and fragmentation},
  author={Rybicki, J., and Hanski, I.},
  journal={Ecology Letters},
  volume={16},
  number={},
  pages={27--38},
  year={2013},
  publisher={Elsevier}
}

@article{haegemanLoreau2014,
  title={General relationships between consumer dispersal, resource dispersal and metacommunity diversity},
  author={Haegeman, B., and Loreau, M.},
  journal={Ecology Letters},
  volume={17},
  number={},
  pages={175--184},
  year={2014},
  publisher={Elsevier}
}

@article{whittaker2008,
  title={A general dynamic theory of oceanic island biogeography},
  author={Whittaker, R. J., and Triantis, K. A., and Ladle, R. J.},
  journal={J. Biogeography},
  volume={35},
  number={},
  pages={977--994},
  year={2013},
  publisher={Elsevier}
}


@article{van2010predicting,
  title={Predicting species distribution and abundance responses to climate change: why it is essential to include biotic interactions across trophic levels},
  author={Van der Putten, Wim H and Macel, Mirka and Visser, Marcel E},
  journal={Philosophical Transactions of the Royal Society B: Biological Sciences},
  volume={365},
  number={1549},
  pages={2025--2034},
  year={2010},
  publisher={The Royal Society}
}

@article{brose2009modelling,
  title={Modelling the dynamics of complex food webs},
  author={Brose, Ulrich and Dunne, Jennifer A},
  journal={Community Ecology: Processes, Models, and Applications},
  pages={37--44},
  year={2009}
}

@article{dunne2009cascading,
  title={Cascading extinctions and community collapse in model food webs},
  author={Dunne, Jennifer A and Williams, Richard J},
  journal={Philosophical Transactions of the Royal Society B: Biological Sciences},
  volume={364},
  number={1524},
  pages={1711--1723},
  year={2009},
  publisher={The Royal Society}
}

@article{levin1981representation,
  title={A representation for multinomial cumulative distribution functions},
  author={Levin, Bruce},
  journal={The Annals of Statistics},
  volume={9},
  number={5},
  pages={1123--1126},
  year={1981},
  publisher={Institute of Mathematical Statistics}
}
